@article{Baldoni:2002:FDC:1435723.1437765,
 author = {Baldoni, Roberto and Klusch, Matthias},
 title = {Fundamentals of Distributed Computing: A Practical Tour of Vector Clock Systems},
 journal = {IEEE Distributed Systems Online},
 issue_date = {February 2002},
 volume = {3},
 number = {2},
 month = feb,
 year = {2002},
 issn = {1541-4922},
 pages = {--},
 url = {http://dl.acm.org/citation.cfm?id=1435723.1437765},
 acmid = {1437765},
 publisher = {IEEE Educational Activities Department},
 address = {Piscataway, NJ, USA},
} 

@INPROCEEDINGS{Mattern88virtualtime,
	author = {Friedemann Mattern},
	title = {Virtual Time and Global States of Distributed Systems},
	booktitle = {PARALLEL AND DISTRIBUTED ALGORITHMS},
	year = {1988},
	pages = {215--226},
	publisher = {North-Holland}
}

@article{SINGHAL199247,
	title = "An efficient implementation of vector clocks",
	journal = "Information Processing Letters",
	volume = "43",
	number = "1",
	pages = "47 - 52",
	year = "1992",
	note = "",
	issn = "0020-0190",
	doi = "http://dx.doi.org/10.1016/0020-0190(92)90028-T",
	url = "http://www.sciencedirect.com/science/article/pii/002001909290028T",
	author = "Mukesh Singhal and Ajay Kshemkalyani",
}