@STRING{LNCS = "Lecture Notes in Computer Science"}


@inproceedings{Deinzer00:VSC,
 author = {Deinzer, Frank and Denzler, Joachim and Niemann, Heinrich},
 title = {Viewpoint Selection - A Classifier Independent Learning Approach},
 year  = {2000},
 booktitle = {IEEE Southwest Symposium on Image Analysis and Interpretation, Austin, Texas, USA},
 publsiher = {IEEE Computer Society Press},
 address = {Los Alamitos, California},
 ISBN = {0-7695-0595-3},
 pages = {209--213}
}

@inproceedings{Deinzer00:CIV,
 author = {Deinzer, Frank and Denzler, Joachim and Niemann, Heinrich},
 title = {{Classifier Independent Viewpoint Selection for 3-D Object Recognition}},
 pages = {237--244},
   booktitle = {Mustererkennung 2000, 22. DAGM-Symposium, Kiel},
   year      = {2000},
   month     = {9},
   editor    = {Sommer, G. and Kr{\"{u}}ger, N. and Perwass, Ch.},
   address   = {Berlin},
   publisher = {Springer},
   series = {Informatik aktuell},
   ISBN		 = {3-540-67886-7}
}

@inproceedings{Graessl:03:CPO,
author = {Gräßl, Christoph and Deinzer, Frank and Niemann, Heinrich},
title = {Continuous Parametrization of Normal Distributions for Improving
         the Discrete Statistical Eigenspace Approach for Object Recognition},
booktitle = {Pattern Recognition and Information Processing},
volume = {1},
month = {5},
year = {2003},
editor = {Krasnoproshin, V. and Ablameyko, S. and Soldek, J.},
address = {Minsk},
pages = {73--77}
}

@inproceedings{Deinzer01:CIV,
 author      = {Deinzer, Frank and Denzler, Joachim and Niemann, Heinrich},
 title       = {{On Fusion of Multiple Views for Active Object Recognition}},
  year      = {2001},
 pages       = {239-245},
   booktitle = {Pattern Recognition -- Proceedings of the 23rd DAGM Symposium},
   month     = {9},
   editor    = {B. Radig},
   series = LNCS,
   volume = {2191},
   address   = {Heidelberg},
   publisher = {Springer}

}


@inproceedings{Graessl03:ISO,
 author = {Gräßl, Christoph and Deinzer, Frank and Mattern, F. and Niemann, Heinrich},
 title = {{Improving Statistical Object Recognition Approaches by a Parameterization of Normal Distributions}},
 year  = {2003},
 booktitle = {6th German-Russian IAPR Workshop on Pattern Recognition and Image Understanding},
 publisher = {Institut of Automation and Electrometry, Russian Academy of Sciences},
 address = {Novosibirski, Russion Federation},
 pages = {38--41},
}

@article{Graessl04:ISO,
 author = {Gräßl, Christoph and Deinzer, Frank and Mattern, F. and Niemann, Heinrich},
 title = {{Improving Statistical Object Recognition Approaches by a Parameterization of Normal Distributions}},
 year  = {2004},
 volume = {14},
 number = {2},
 journal = {{Pattern Recognition and Image Analysis (Advances in Mathematical Theory and Applications)}},
 publisher = {International Academic Publishing Concern/Interperiodica Publishing},
 address = {Moskau, Russion Federation},
 pages = {222--230},
 issn = {1054-6618},
}


@inproceedings{GrzegDein03:HFM,
   author =    {Marcin Grzegorzek and Frank Deinzer and Michael Reinhold and Joachim Denzler and Heinrich Niemann},
   title =     {{How Fusion of Multiple Views Can Improve Object Recognition in Real-World Environments}},
   pages =     {553--560},
	booktitle = {Vision, Modeling, and Visualization~2003},
	year      = {2003},
	month     = {11},
	address   = {M\"unchen, Germany},
   isbn =      {3-89838-048-3},
   publisher = {Aka GmbH, Berlin},
   editor =    {T.~Ertl and B.~Girod and G.~Greiner and Heinrich Niemann and H.-P.~Seidl and E.~Steinbach and R.~Westermann},
}


@inproceedings{Deinzer03:VSP,
 author = {Deinzer, Frank and Denzler, Joachim and Niemann, Heinrich},
 title = {{Viewpoint Selection -- Planning Optimal Sequences of Views for Object Recognition}},
 pages = {65--73},
 YEAR = {2003},
 month = {8},
 editor = {Petkov, N. and Westenberg, M.},
 booktitle = {Computer Analysis of Images and Patterns -- CAIP 2003},
 publisher = {Springer},
 ISBN = {3-540-40730-8},
 address = {Heidelberg},
 series = LNCS,
 volume = {2756},
}



@inproceedings{Deinzer2002:IOR,
   author    = {Deinzer, Frank and Denzler, Joachim and Niemann, Heinrich},
   title     = {{Improving Object Recognition By Fusion Of Multiple Views}},
   booktitle = {{Proceedings of the Third Indian Conference on Computer Vision Graphics and Image Processing}},
   year      = {2002},
   month     = {12},
   address   = {Ahmedabad, Indien},
   publisher = {Allied Publishers Pvt. Ltd.},
   pages     = {161-166}, 
}

@inproceedings{Reinhold00:AAO,
   author   = {M. Reinhold and Frank Deinzer and Joachim Denzler and D. Paulus and Joseph Pösl},
   title    = {{Active Appearance-Based Object Recognition Using Viewpoint Selection}},
	booktitle = {Vision Modeling and Visualization~2000},
	year      = {2000},
	month     = {11},
	address   = {Saarbr"ucken, Germany},
	publisher = {Infix},
	editor    = {B.~Girod and Heinrich Niemann and H.--P.~Seidel},
   pages    = {105-112},
 }

@inproceedings{Deutsch04:ASS,
  title        = {{Active Sensing Strategies for Robotic Platforms, with an Application in Vision-Based Gripping}},
  booktitle    = {{Proceedings of the 1st International Conference on Informatics in Control, Automation and Robotics}},
  author       = {Benjamin Deutsch and Frank Deinzer and Matthias Zobel and Joachim Denzler},
  address      = {Set{\'u}bal, Portugal},
  publisher    = {INSTICC Press},
  isbn         = {972-8865-12-0},
  year         = {2004},
  month        = {8},
  volume       = {2},
  pages        = {169-176},
}



@inproceedings{Fischer98:EKB,
        booktitle = {{Proc. Int. Conf. on Spoken Language Processing}},
        month = {12},
        address = {Sydney, Australien},
        title = {{Empowering Knowledge Based Speech Understanding through Statistics}},
        author = {Fischer, Julia and Haas, Jürgen and Nöth, Elmar and Niemann, Heinrich and Deinzer, Frank},
        year = {1998},
        volume = {5},
        pages = {2231-2235},
}

@inproceedings{Deinzer99:LOD,
        title = {{Learning of Domain Dependent Knowledge in Semantic Networks}},
        author = {Frank Deinzer and Julia Fischer and Ulrike Ahlrichs and Elmar Nöth},
        volume = {5},
        pages = {1987-1990},
        booktitle = {EUROSPEECH},
        year = {1999},
        address = {Budapest, Ungarn},
}

@InProceedings{Derichs05:CII,
  author = 		 {Christian Derichs and Frank Deinzer and Heinrich Niemann},
  title = 		 {Cost Integration in Multi-Step Viewpoint Selection for Object Recognition},
  booktitle =    {{Proceedings of the International Conference on Machine Learning and Data Mining MLDM 2005}},
  pages = 	     {415--425},
  year = 	 {2005},
  address = 	 {Leipzig},
  month = 	 {7},
 publisher = {Springer},
}

@Book{Deinzer05:OAI,
  author = 	 {Frank Deinzer},
  title = 		 {Optimale Ansichtenauswahl in der aktiven Objekterkennung},
  publisher = 	 {Logos Verlag Berlin},
  year = 		 {2005},
}

@TechReport{Deinzer05:O3D,
  author = 		 {Frank Deinzer and Martin Ostermeier},
  title = 		 {Overlay3D - Fusion of 2D Fluoroscopic Images and 3D Volume Data Sets},
  institution =  {Siemens Medical Solutions},
  year = 		 {2005},
  address = 	 {Forchheim, Germany},
}

@InProceedings{Karmonik05:PTP,
  author = 		 {Karmonik, C. and Strother, C.~M. and Chen, X. and Deinzer, Frank and Klucznik, R. and Mawad, M.},
  title = 		 {{Pre-treatment Planning and Virtual Stent Visualization in the Parent Artery of Intracranial Aneurysms}},
  booktitle =    {Proceedings of the 43rd Annual Meeting of the American Society of Neuroradiology},
  year = 	     {2005},
  address = 	 {Toronto, Canada},
  month = 	     {5},
  organization = {American Society of Neuroradiology},
}

@Article{Karmonik05:SAC,
  author = 		 {Karmonik, C. and Strother, C.~M. and Chen, X. and Deinzer, Frank and Klucznick, R. and Mawad, M.~E.},
  title = 		 {Stent-Assisted Coiling of Intracranial Aneurysms Aided by Virtual Parent Artery Reconstruction},
  journal = 	 {AJNR American Journal of Neuroradiology},
  year = 		 {2005},
  volume = 	 {26},
  number = {6},
  pages = 	 {2368--2370},
  month = 	 {10},
}

@inproceedings{Deinzer06:AOO,
   editor    = {P.J. Narayanan and Shree K. Nayar and Heung-Yeung Shum},
   booktitle = {Computer Vision -- ACCV 2006},
   publisher = {Springer, Berlin},
   series    = LNCS,
   volume    = {3852},
   year      = {2006},
   isbn      = {3-540-31244-7},
   author    = {Frank Deinzer and Joachim Denzler and Christia Derichs and Heinrich Niemann},
   title     = {Aspects of Optimal Viewpoint Selection and Viewpoint Fusion},
   month = 	 {1},
   pages     = {902--912},
}

@InProceedings{Feldmann06:KVA,
  author = {Feldmann, Tobias and Bouattour, Sahla and Paulus, Dietrich and Deinzer, Frank},
  title = {{Kombination verschiedener Ähnlichkeitsmaße für die 2D/3D-Registrierung von Röntgenbildern mittels Demokratischer Integration}},
  booktitle = {Bildverarbeitung für die Medizin 2006, Algorithmen~-- Systeme~-- Anwendungen},
  pages = 	 {226--230},
  year = 	 {2006},
  series = 	 {Informatik Aktuell},
  month = 	 {3},
  category = {Registrierung},
  publisher = {Springer Verlag},
}

@Article{Bernhardt06:NTR,
  author = 		 {Philipp Bernhardt and Markus Lendl and Frank Deinzer},
  title = 		 {New Technologies to Reduce Pediatric Radiation Doses},
  journal = 	 {Pediatric Radiology},
  year = 		 {2006},
  volume = 	 {36, Supplement 1},
  pages = 	 {212--215},
  publisher = {Springer Verlag},
}

@Article{Kubias08:23I,
  author = 		 {Alexander Kubias and Frank Deinzer and Tobias Feldmann and Dietrich Paulus and Bernd Schreiber and Thomas Brunner},
  title = 		 {2D/3D Image Registration on the GPU},
  journal = 	 {Pattern Recognition and Image Analysis},
  year = 		 {2008},
  volume = 	 {18},
  number = 	 {3},
  pages = 	 {381--389},
  puglisher = 	 {MAIK Nauka/Interperiodica},
}

@InProceedings{Fieselmann08:A3S,
  author = 		 {Andreas Fieselmann and Stefan Lautenschläger and Frank Deinzer and Matthias John and Björn Poppe},
  title = 		 {Automated 3D Segmentation of the Esophagus For Planning of Atrial Ablation Therapy},
  booktitle = {39. Wissenschaftliche Jahrestagungö der DGMP in Oldenburg},
  year = 	 {2008},
}

@InProceedings{Fieselmann08:ADA,
  author = 		 {Andreas Fieselmann and Stefan Lautenschläger and Frank Deinzer and Björn Poppe},
  title = 		 {Automatic Detection of Air Holes Inside the Esophagus in CT Images},
  pages = 	 {397--401},
  booktitle = {Bildverarbeitung für die Medizin 2006, Algorithmen - Systeme - Anwendungen},
  year = 	 {2008},
  series = 	 {Informatik Aktuell},
  address = 	 {Berlin},
  month = 	 {4},
  publisher = {Springer},
}

@InProceedings{Fieselmann08:ESS,
  author = 		 {Andreas Fieselmann and Stefan Lautenschläger and Frank Deinzer and Matthias John and Björn Poppe},
  title = 		 {Esophagus Segmentation by Spatially-Constrained Shape Interpolation},
  pages = 	 {247--251},
  booktitle = {Bildverarbeitung für die Medizin 2006, Algorithmen - Systeme - Anwendungen},
  year = 	 {2008},
  series = 	 {Informatik Aktuell},
  address = 	 {Berlin},
  month = 	 {4},
  publisher = {Springer},
}

@InProceedings{Platzer08:3BF,
  author = 		 {Esther Platzer and Frank Deinzer and Dietrich Paulus and Joachim Denzler},
  title = 		 {3D Blood Flow Visualization from 2D Angiograms},
  pages = 	 {288--292},
  booktitle = {Bildverarbeitung für die Medizin 2006, Algorithmen - Systeme - Anwendungen},
  year = 	 {2008},
  series = 	 {Informatik Aktuell},
  address = 	 {Berlin},
  month = 	 {4},
  publisher = {Springer},
}

@InProceedings{Kubias07:23I,
  author = 		 {Alexander Kubias and Frank Deinzer and Tobias Feldmann and Dietrich Paulus and Bernd Schreiber and Thomas Brunner},
  title = 		 {2D/3D Image Registration on the GPU},
  booktitle = {Proceedings of the 7th Open German/Russian Workshop on Pattern Recognition and Image Understanding},
  year = 	 {2007},
  address = 	 {Ettlingen},
  month = 	 {8},
}

@InProceedings{Kubias07:EGO,
  author = 		 {Alexander Kubias and Frank Deinzer and Tobias Feldmann and Dietrich Paulus},
  title = 		 {Extended Global Optimization Strategy for Rigid 2D/3D Image Registration},
  booktitle = {Computer Analysis of Images and Patterns, 12th International Conference, CAIP 2007},
  pages = 	 {759--767},
  year = 	 {2007},
  series = 	 LNCS,
 volume = {4673},
  address = 	 {Wien},
  month = 	 {8},
  publisher = {Springer Berlin},
}

@InProceedings{Kubias07:ECH,
  author = 		 {Alexander Kubias and Frank Deinzer and Matthias Kreiser and Dietrich Paulus},
  title = 		 {Efficient Computation of Histograms on the GPU},
  booktitle = {Spring Conference on Computer Graphics},
  year = 	 {2007},
  publisher = {ACM Press New York},
}

@InProceedings{Deinzer06:IVF,
  author = 		 {Frank Deinzer and Christian Derichs and Joachim Denzler and Heinrich Niemann},
  title = 		 {Integrated Viewpoint Fusion and Viewpoint Selection for Optimal Object Recognition},
  booktitle = {British Machine Vision Conference 2006},
  pages = 	 {287--296},
  year = 	 {2006},
  publisher = {BMVA Malvern},
}

@Article{Deinzer09:AFA,
  author = 		 {Frank Deinzer and Christian Derichs and Joachim Denzler and Heinrich Niemann},
  title = 		 {A Framework for Actively Selecting Viewpoints in Object Recognition},
  journal = 	 {International Journal of Pattern Recognition and Artificial Intelligence},
  year = 		 {2009},
  volume = 	 {23},
  number = 	 {4},
  pages = 	 {765--799},
  publisher = {World Scientific Publishing},
}

@inproceedings{Brueckner09:TE3,
   editor    = {Guang-Zhong Yang and David Hawkes and Daniel Rueckert and Alison Noble and Chris Taylor},
   booktitle = {Medical Image Computing and Computer-Assisted Intervention -- MICCAI 2009},
   publisher = {Springer},
   location  = {Heidelberg},
   series    = {Lecture Notes in Computer Science},
   volume    = {5761},
   year      = {2009},
   isbn      = {978-3-642-04267-6},
   author    = {Marcel Br\"{u}ckner and Frank Deinzer and Joachim Denzler},
   title     = {Temporal Estimation of the 3d~Guide-Wire Position Using 2d~X-ray Images},
   pages     = {386--393}
}

@inproceedings{Wacker09:ARM,
   editor    = {Guang-Zhong Yang and David Hawkes and Daniel Rueckert and Alison Noble and Chris Taylor},
   booktitle = {Medical Image Computing and Computer-Assisted Intervention -- MICCAI 2009},
   publisher = {Springer},
   location  = {Heidelberg},
   series    = {Lecture Notes in Computer Science},
   volume    = {5761},
   year      = {2009},
   isbn      = {978-3-642-04267-6},
   author    = {Matthias Wacker and Frank Deinzer},
   title     = {Automatic Robust Medical Image Registration Using a New Democratic Vector Optimization Approach with Multiple Measures},
   pages     = {590--597}
}

@InProceedings{Koeping12:INU,
  author = 		 {Lukas Köping and Thomas Mühsam and Christian Ofenberg and Bernhard Czech and Michael Bernard and Jens Schmer and Frank Deinzer},
  title = 		 {Indoor Navigation Using Particle Filter and Sensor Fusion},
  booktitle = {Proceedings of the European Navigation Conference 2012},
  year = 	 {2012},
  month = 	 {4},
}


@Article{Koeping12:UNI2,
  author = 		 {Lukas Köping and Thomas Mühsam and Christian Ofenberg and Bernhard Czech and Michael Bernard and Jens Schmer and Frank Deinzer},
  title = 		 {Indoor Navigation Using Particle Filter and Sensor Fusion},
  journal = 	 {Annual of Navigation},
  year = 		 {2012},
  volume = 	 {19},
  number = 	 {2},
  pages = 	 {31--40},
  month = 	 {12},
}

@InBook{Seron14:VRA,
  XXXeditor =  {Francisco Serón and Mónica Inés Fernández},
  author = 	 {Serón, Francisco and de Carvalho,Carlos Vaz  and Saul, Melanie  and Deinzer, Frank  and Guerrero, Roberto  and Parra, Juan Carlos  and Costa, Cristiano and Rigo, Sandro},
  title = 		 {Realidades Virtuales/Aumentadas para el Desarrollo Social: Experiencias Entre Europa y Latinoamerica},
  chapter = 	 {Virtual Reality, Augmented Reality and Ubiquitous Computing: Concepts, Technology and Practice},
  publisher = 	 {to appear},
  year = 		 {2014},
}

@InBook{Seron14:RTI,
  XXXeditor =  {Francisco Serón and Mónica Inés Fernández},
  author = 	 {Lukas Köping and Frank Deinzer},
  title = 		 {Realidades Virtuales/Aumentadas para el Desarrollo Social: Experiencias Entre Europa y Latinoamerica},
  chapter = 	 {Real-Time Indoor Localization for Augmented and Virtual Reality Applications},
  publisher = 	 {to appear},
  year = 		 {2014},
}

